<?xml version="1.0" encoding="UTF-8"?><collection xmlns="http://www.loc.gov/MARC21/slim"><record><leader>00378nam--2200145-i-4500</leader><controlfield tag="001">000011647</controlfield><controlfield tag="002">20161230</controlfield><controlfield tag="005">20161230201029</controlfield><controlfield tag="008">060222s1000------------r-----000-0-eng-d</controlfield><datafield ind1=" " ind2=" " tag="080"><subfield code="a">621.38(07)</subfield></datafield><datafield ind1=" " ind2=" " tag="100"><subfield code="a">Barker, R.W.J</subfield></datafield><datafield ind1=" " ind2=" " tag="245"><subfield code="a">Electronica aplicata. intrebari si raspunsuri</subfield></datafield><datafield ind1=" " ind2=" " tag="260"><subfield code="a">Bucuresti, Ed.Tehnica, 1976. 106 P</subfield></datafield><datafield ind1=" " ind2=" " tag="490"><subfield code="a">Electronica Aplicata</subfield></datafield><datafield ind1=" " ind2=" " tag="852"><subfield code="a">43121</subfield></datafield></record></collection>